@article{郭洁畅2017大学生兼职电商平台工作推荐系统的实现,
  title={大学生兼职电商平台工作推荐系统的实现},
  author={郭洁畅 and 杜鹏},
  journal={数码世界},
  volume={8},
  year={2017},
}
@patent{一种面向冷启动学生用户的工作推荐系统及推荐方法,
  author = {刘睿，荣文戈，唐翠，欧阳元新，熊璋},
  title = {一种面向冷启动学生用户的工作推荐系统及推荐方法.},
  location = {中国},
  number = {CN106097204A},
  date = {2016-11-09},
}
@article{bustos2020edurecomsys,
  title={EduRecomSys: An Educational Resource Recommender System Based on Collaborative Filtering and Emotion Detection},
  author={Bustos L{\'o}pez, Maritza and Alor-Hern{\'a}ndez, Giner and S{\'a}nchez-Cervantes, Jos{\'e} Luis and Paredes-Valverde, Mario Andr{\'e}s and Salas-Z{\'a}rate, Mar{\'\i}a del Pilar},
  journal={Interacting with Computers},
  volume={32},
  number={4},
  pages={407--432},
  year={2020},
  publisher={Oxford University Press},
}
@article{姜保庆2014基于社交网络的一种个性化推荐算法,
  title={基于社交网络的一种个性化推荐算法},
  author={姜保庆 and 王奇伟 and 韩景景},
  journal={网络安全技术与应用},
  volume={3},
  year={2014},
}
@article{kingma2014adam,
  title={Adam: A method for stochastic optimization},
  author={Kingma, Diederik P and Ba, Jimmy},
  journal={arXiv preprint arXiv:1412.6980},
  year={2014}
}
@book{NeuralSmithing,
  title={Neural Smithing: Supervised Learning in Feedforward Artificial Neural Networks},
  author={Russel D.Reed, Robert J.Marks},
  publisher={MIT Press},
  location={Boston, USA},
  year={1999},
  language={en},
  keywords={book},
}
@book{DeepLearning2016,
  title={Deep Learning 2016},
  author={Ian Goodfellow, Yoshua Bengio, Aaron Courville},
  publisher={MIT Press},
  location={Boston, USA},
  year={2016},
  language={en},
  keywords={book},
}
@book{NeuralNetworkforPatternRecognize,
  title={Neural Networks for Pattern Recognition},
  author={Christopher M. Bishop},
  publisher={Clarendon Press},
  location={Oxford, UK},
  year={1995},
  language={en},
  keywords={book},
}
@online{XGBoost原理解析,
  author = {zcsh},
  title = {XGBoost原理解析},
  organization = {博客园},
  date = {2021-5-10},
  url     = {https://www.cnblogs.com/zcsh/p/14752659.html},
  urldate = {2021-5-10},
  keywords = {online},
}
@online{DeepFM结构图,
  author = {DeepCTR},
  title = {DeepFM},
  organization = {DeepCTR},
  date = {2017},
  url     = {https://deepctr-doc.readthedocs.io/en/latest/Features.html#deepfm},
  urldate = {2017},
  keywords = {online},
}
@online{FactorizationMachines,
  author = {Jakub Pachocki},
  title = {Factorization Machines},
  organization = {Carnegie Mellon University},
  date = {2015},
  url     = {http://www.cs.cmu.edu/~wcohen/10-605/2015-guest-lecture/FM.pdf},
  urldate = {2016},
  keywords = {online},
}
@online{MeituanFM,
  author = {del2z, 大龙},
  title = {深入FFM原理与实践},
  organization = {美团技术团队},
  date = {2016-03-03},
  url     = {http://www.cs.cmu.edu/~wcohen/10-605/2015-guest-lecture/FM.pdf},
  urldate = {2016-03-03},
  keywords = {online},
}
@inproceedings{rendle2010factorization,
  title={Factorization machines},
  author={Rendle, Steffen},
  booktitle={2010 IEEE International Conference on Data Mining},
  pages={995--1000},
  year={2010},
  organization={IEEE}
}
@inproceedings{juan2016field,
  title={Field-aware factorization machines for CTR prediction},
  author={Juan, Yuchin and Zhuang, Yong and Chin, Wei-Sheng and Lin, Chih-Jen},
  booktitle={Proceedings of the 10th ACM conference on recommender systems},
  pages={43--50},
  year={2016}
}
@article{guo2017deepfm,
  title={DeepFM: a factorization-machine based neural network for CTR prediction},
  author={Guo, Huifeng and Tang, Ruiming and Ye, Yunming and Li, Zhenguo and He, Xiuqiang},
  journal={arXiv preprint arXiv:1703.04247},
  year={2017}
}
@article{su2009survey,
  title={A survey of collaborative filtering techniques},
  author={Su, Xiaoyuan and Khoshgoftaar, Taghi M},
  journal={Advances in artificial intelligence},
  volume={2009},
  year={2009},
  publisher={Hindawi}
}
@article{deshpande2004item,
  title={Item-based top-n recommendation algorithms},
  author={Deshpande, Mukund and Karypis, George},
  journal={ACM Transactions on Information Systems (TOIS)},
  volume={22},
  number={1},
  pages={143--177},
  year={2004},
  publisher={ACM New York, NY, USA}
}
@article{荣辉桂2014基于用户相似度的协同过滤推荐算法,
  title={基于用户相似度的协同过滤推荐算法},
  author={荣辉桂 and 火生旭 and 胡春华 and 莫进侠},
  journal={通信学报},
  volume={35},
  number={2},
  pages={16},
  year={2014}
}
@article{van2008visualizing,
  title={Visualizing data using t-SNE.},
  author={Van der Maaten, Laurens and Hinton, Geoffrey},
  journal={Journal of machine learning research},
  volume={9},
  number={11},
  year={2008}
}
@inproceedings{cheng2016wide,
  title={Wide \& deep learning for recommender systems},
  author={Cheng, Heng-Tze and Koc, Levent and Harmsen, Jeremiah and Shaked, Tal and Chandra, Tushar and Aradhye, Hrishi and Anderson, Glen and Corrado, Greg and Chai, Wei and Ispir, Mustafa and others},
  booktitle={Proceedings of the 1st workshop on deep learning for recommender systems},
  pages={7--10},
  year={2016}
}
@article{chen2015xgboost,
  title={Xgboost: extreme gradient boosting},
  author={Chen, Tianqi and He, Tong and Benesty, Michael and Khotilovich, Vadim and Tang, Yuan and Cho, Hyunsu and others},
  journal={R package version 0.4-2},
  volume={1},
  number={4},
  year={2015}
}
@article{mcinnes2017hdbscan,
  title={hdbscan: Hierarchical density based clustering},
  author={McInnes, Leland and Healy, John and Astels, Steve},
  journal={Journal of Open Source Software},
  volume={2},
  number={11},
  pages={205},
  year={2017}
}
@article{von2007tutorial,
  title={A tutorial on spectral clustering},
  author={Von Luxburg, Ulrike},
  journal={Statistics and computing},
  volume={17},
  number={4},
  pages={395--416},
  year={2007},
  publisher={Springer}
}
https://www.cnblogs.com/RobertKidder/p/14615362.html
@online{CrossEntropyFormula,
  author = {RobertKidder},
  title = {分类任务交叉熵与softmax函数},
  organization = {博客园},
  date = {2021-04-04},
  url     = {https://www.cnblogs.com/RobertKidder/p/14615362.html},
  urldate = {2021-04-04},
  keywords = {online},
}
https://zhuanlan.zhihu.com/p/35709485
@online{ZhihuCrossEntropyFormula,
  author = {飞鱼Talk},
  title = {损失函数｜交叉熵损失函数},
  organization = {知乎},
  date = {2018-04-15},
  url     = {https://zhuanlan.zhihu.com/p/35709485},
  urldate = {2018-04-15},
  keywords = {online},
}